@STRING{CGF = {Comp. Graph. Forum}}
@STRING{CGF_EG = {Comp. Graph. Forum (Eurographics)}}
@STRING{CGF_SGP = {Comp. Graph. Forum (SGP)}}
@STRING{CRV = {Proc. Canadian Conf. on Computer and Robot Vision}}
@STRING{CVPR = {Proc. IEEE Conf. on Comp. Vis. and Pat. Rec.}}
@STRING{ECCV = {Proc. Euro. Conf. on Comp. Vis.}}
@STRING{FGR = {Proc. IEEE Conf. Automatic Face and Gesture Recognition}}
@STRING{ICASSP = {Proc. Int. Conf. on Acoustics, Speech and Signal Processing}}
@STRING{ICCV = {Proc. Int. Conf. on Comp. Vis.}}
@STRING{ICPR = {Proc. Int. Conf. on Pat. Rec.}}
@STRING{IJCV = {Int. J. Comp. Vis.}}
@STRING{JCP = {Journal of Chemical Physics}}
@STRING{PAMI = {IEEE Trans. Pat. Ana. \& Mach. Int.}}
@STRING{SGP = {Symp. on Geom. Proc.}}
@STRING{SIGGRAPH = {Proc. of SIGGRAPH}}
@STRING{SMI = {Proc. IEEE Int. Conf. on Shape Modeling and Applications}}
@STRING{TOG = {ACM Trans. on Graph.}}
@STRING{TOGSIG = {ACM Trans. on Graph. (SIGGRAPH)}}
@STRING{TOGSIGA = {ACM Trans. on Graph. (SIGGRAPH Asia)}}
@STRING{TVC = {Visual Computer}}
@STRING{TVCG = {IEEE Trans. Vis. \& Comp. Graphics}}
@STRING{I3D = {Proc. Symp. on Inter. 3D Graph.}}


%%%%%%%%%%%%%%%%%%%%%%%%%%%%%%%%%%%%%%%%%%%%%%%%%%%%%%%%%%%%%%%%%%%%
% Algorithms
%%%%%%%%%%%%%%%%%%%%%%%%%%%%%%%%%%%%%%%%%%%%%%%%%%%%%%%%%%%%%%%%%%%%

@article{Tarjan-1972-SCC,
	author       =    {Robert Tarjan},
	title            =    {Depth-first search and linear graph algorithms},
	journal       =    {SIAM Journal on Computing},
	volume      =    {1},
	number     =    {2},
	year           =    {1972},
	pages        =    {146--160},
}

@article{chen2014comprehensive,
	Author = {Chen, Hua and Jin, Sun and Li, Zhimin and Lai, Xinmin},
	Date-Modified = {2018-01-24 10:11:08 +0000},
	Journal = {Computer-Aided Design},
	Keywords = {Tolerance},
	Pages = {1--13},
	Publisher = {Elsevier},
	Title = {A comprehensive study of three dimensional tolerance analysis methods},
	Volume = {53},
	Year = {2014}}




%%%%%%%%%%%%%%%%%%%%%%%%%%%%%%%%%%%%%%%%%%%%%%%%%%%%%%%%%%%%%%%%%%%%
% Assembly Planning
%%%%%%%%%%%%%%%%%%%%%%%%%%%%%%%%%%%%%%%%%%%%%%%%%%%%%%%%%%%%%%%%%%%%

%%%%%%%%%%%%%%%%%%%%%%%%%%%%%%%%%%
% Robotics

@article{Eswaran-1976-Augmentation,
  title={Augmentation problems},
  author={Eswaran, Kapali P and Tarjan, R Endre},
  journal={SIAM Journal on Computing},
  volume={5},
  number={4},
  pages={653--665},
  year={1976},
  publisher={SIAM}
}

@article{Wilson-1994-GeometricReasoning,
	author       =    {Randall H. Wilson and Jean-Claude Latombe},
	title            =    {Geometric Reasoning About Mechanical Assembly},
	journal       =    {Artificial Intelligence},
	volume      =    {71},
	number     =    {2},
	year           =    {1994},
	pages        =    {371--396},
}

@phdthesis{Wilson-1992-AssemblyPlanning,
	author       = {Randall H. Wilson}, 
	title            = {On Geometric Assembly Planning},
	school       = {Stanford University},
	year           = {1992},
}


%%%%%%%%%%%%%%%%%%%%%%%%%%%%%%%%%%
% Architecture

@phdthesis{Tai-2012-InterlockRF,
	author       = {Alan Song-Ching Tai}, 
	title            = {Design For Assembly: A Computational Approach to Construct Interlocking Wooden Frames},
	school       = {Massachusetts Institute of Technology},
	year           = {2012},
}


%%%%%%%%%%%%%%%%%%%%%%%%%%%%%%%%%%
% Computer Graphics

@article{Ghandi-2015-AssemblyPlanningReview,
	author       =    {Somay{\'e} Ghandi and Ellips Masehian},
	title            =    {Review and taxonomies of assembly and disassembly path planning problems and approaches},
    journal       =    {Computer-Aided Design},
    volume      =    {67-68},
    year           =    {2015},
    pages        =    {58--86},
}

@article{Guo-2013-IllustrateDisassembly,
	author       =    {Jianwei Guo and Dong-Ming Yan and ErLi and Weiming Dong and Peter Wonka and Xiaopeng Zhang},
	title            =    {Illustrating the disassembly of {3D} models},
	journal       =    {Computers \& Graphics},
	volume      =    {37},
    number     =    {6},
	year           =    {2013},
	pages        =    {574--581},
}

@article{Agrawala-2003-AssemblyInstructions,
	author       =    {Maneesh Agrawala and Doantam Phan and Julie Heiser and John Haymaker and Jeff Klingner and Pat Hanrahan and Barbara Tversky},
	title            =    {Designing Effective Step-By-Step Assembly Instructions},
	journal       =    TOGSIG,
	volume      =    {22},
	number     =    {3},
	year           =    {2003},
	pages        =    {828--837},
}

@article{Li-2008-ExplodedView,
	author       =    {Wilmot Li and Maneesh Agrawala and Brian Curless and David Salesin},
	title            =    {Automated Generation of Interactive 3D Exploded View Diagrams},
	journal       =    TOGSIG,
	volume      =    {27},
	number     =    {3},
	year           =    {2008},
	note           =    {Article No. 101},
}




%%%%%%%%%%%%%%%%%%%%%%%%%%%%%%%%%%%%%%%%%%%%%%%%%%%%%%%%%%%%%%%%%%%%
% Interlocking Structures
%%%%%%%%%%%%%%%%%%%%%%%%%%%%%%%%%%%%%%%%%%%%%%%%%%%%%%%%%%%%%%%%%%%%

@article{Song-2017-ReconfigInterlock,
	author       =    {Peng Song and Chi-Wing Fu and Yueming Jin and Hongfei Xu and Ligang Liu and Pheng-Ann Heng and Daniel Cohen-Or},
	title            =    {Reconfigurable Interlocking Furniture},
	journal       =    TOGSIGA,
	volume      =    {36},
	number     =    {6},
	year           =    {2017},
	note           =    {Article No. 174},
}

@article{Yao-2017-InterlockShell,
	author       =    {Miaojun Yao and Zhili Chen and Weiwei Xu and Huamin Wang},
	title            =    {Modeling, Evaluation and Optimization of Interlocking Shell Pieces},
	journal       =    CGF,
	volume      =    {36},
	number     =    {7},
	year           =    {2017},
	pages        =    {1--13},
}

@inproceedings{Zhang-2016-InterlockVoxel,
    author       =    {Yinan Zhang and Devin Balkcom},
    title            =    {Interlocking Structure Assembly with Voxels},
    booktitle   =   {IEEE/RSJ Intl. Conf. on Intelligent Robots and Systems},
    pages        =    {2173--2180},
    year           =    {2016},
}

@article{Song-2016-CoFiFab,
     author       =    {Peng Song and Bailin Deng and Ziqi Wang and Zhichao Dong and Wei Li and Chi-Wing Fu and Ligang Liu},
     title            =    {{CofiFab}: Coarse-to-Fine Fabrication of Large {3D} Objects},
 journal =    TOGSIG,
 volume  =    {35},
 number  =    {4},
 year    =    {2016},
 note    =    {Article No. 45},
}

@article{Skouras-2015-InterlockElement,
 author  =    {M{\'e}lina Skouras and Stelian Coros and Eitan Grinspun and Bernhard Thomaszewski},
 title   =    {Interactive Surface Design with Interlocking Elements},
 journal =    TOGSIGA,
 volume  =    {34},
 number  =    {6},
 year    =    {2015},
 note    =    {Article No. 224},
}

@article{Fu-2015-Furniture,
 author  =    {Chi-Wing Fu and Peng Song and Xiaoqi Yan and Lee Wei Yang and Pradeep Kumar Jayaraman and Daniel Cohen-Or},
 title   =    {Computational Interlocking Furniture Assembly},
 journal =    TOGSIG,
 volume  =    {34},
 number  =    {4},
 year    =    {2015},
 note    =    {Article No. 91},
}

@article{Song-2015-Interlock,
 title   =    {Printing {3D} Objects with Interlocking Parts},
 author  =    {Peng Song and Zhongqi Fu and Ligang Liu and Chi-Wing Fu},
 journal =    {Comp. Aided Geom. Des.},
 volume  =    {35-36},
 pages   =    {137--148},
 year    =    {2015},
}

@article{Song-2012-InterCubes,
 author  =    {Peng Song and Chi-Wing Fu and Daniel Cohen-Or},
 title   =    {Recursive Interlocking Puzzles},
 journal =    TOGSIGA,
 year    =    {2012},
 volume  =    {31},
 number  =    {6},
 note    =    {Article No. 128},
}

@article{Xin-2011-BurrPuzzles,
 author  =    {Shi-Qing Xin and Chi-Fu Lai and Chi-Wing Fu and Tien-Tsin Wong and Ying He and Daniel Cohen-Or},
 title   =    {Making Burr Puzzles from {3D} Models},
 journal =    TOGSIG,
 year    =    {2011},
 volume  =    {30},
 number  =    {4},
 note    =    {Article No. 97},
}

@misc{Cutler-1994-Computer,
 author  =    {William H. Cutler},
 title   =    {A Computer Analysis of All 6-Piece Burrs},
 note    =    {Self published},
 year    =    {1994},
}


%%%%%%%%%%%%%%%%%%%%%%%%%%%%%%%%%%
% Non-computational Works

@inproceedings{Deepak-2012-InterlockBlock,
	author       =    {Bansal Deepak },
	title            =    {Sustainable Dry Interlocking Block Masonry Construction},
	booktitle   =   {15th International Brick and Block Masonry Conference},
	year           =    {2012},
	%pages        =    {2173--2180},
}

@misc{Stegmann-2018-PuzzlePage,
	author  =    {Rob Stegmann},
	title   =    {Rob's Puzzle Page - Interlocking Puzzles},
	note    =    {{\scriptsize \url{http://www.robspuzzlepage.com/interlocking.htm}}},
	year    =    {2018},
}




%%%%%%%%%%%%%%%%%%%%%%%%%%%%%%%%%%%%%%%%%%%%%%%%%%%%%%%%%%%%%%%%%%%%
% Connecting Parts in 3D Assemblies
%%%%%%%%%%%%%%%%%%%%%%%%%%%%%%%%%%%%%%%%%%%%%%%%%%%%%%%%%%%%%%%%%%%%

%%%%%%%%%%%%%%%%%%%%%%%%%%%%%%%%%%
% Glue

@article{Chen-2015-Dapper,
	author = {Chen, Xuelin and Zhang, Hao and Lin, Jinjie and Hu, Ruizhen and Lu, Lin and Huang, Qixing and Benes, Bedrich and Cohen-Or, Daniel and Chen, Baoquan},
	title = {Dapper: Decompose-and-pack for {3D} Printing},
	journal = {ACM Trans. Graph.},
	volume = {34},
	number = {6},
	pages = {213:1--213:12},
	year = {2015},
}

@article{Hu-2014-Pyramidal,
	author = {Hu, Ruizhen and Li, Honghua and Zhang, Hao and Cohen-Or, Daniel},
	title = {Approximate Pyramidal Shape Decomposition},
	journal = {ACM Trans. Graph.},
	volume = {33},
	number = {6},
	pages = {213:1--213:12},
	year = {2014},
}

@article {Vanek-2014-PackMerger,
	author = {Vanek, J. and Galicia, J. A. Garcia and Benes, B. and M{\v{e}}ch, R. and Carr, N. and Stava, O. and Miller, G. S.},
	title = {{PackMerger}: A {3D} Print Volume Optimizer},
	journal = {Computer Graphics Forum},
	volume = {33},
	number = {6},
	pages = {322--332},
	year = {2014},
}


%%%%%%%%%%%%%%%%%%%%%%%%%%%%%%%%%%
% Nails and screws

@article{Shao-2016-Furniture,
	author  =    {Tianjia Shao and Dongping Li and Yuliang Rong and Changxi Zheng and Kun Zhou},
	title   =    {Dynamic Furniture Modeling Through Assembly Instructions},
	journal =    TOGSIGA,
	volume  =    {35},
	number  =    {6},
	year    =    {2016},
	note    =    {Article No. 172},
}

@book{Postell-2012-FurnitureDesign,
	author  =    {Jim Postell},
	title   =    {Furniture Design},
	publisher =  {Wiley, 2nd edition},
	year    =    {2012},
	isbn    =    {978-1118090787},
}

%pages   =    {416},


@article{Lau-2011-Furniture,
	author  =    {Manfred Lau and Akira Ohgawara and Jun Mitani and Takeo Igarashi},
	title   =    {Converting {3D} furniture models to fabricatable parts and connectors},
	journal =    TOGSIG,
	volume  =    {30},
	number  =    {4},
	year    =    {2011},
	note    =    {Article No. 85},
}

@inproceedings{Weichel-2012-Enclosed,
	author       =    {Christian Weichel and Manfred Lau and Hans Gellersen},
	title            =    {Enclosed: A Component-Centric Interface for Designing Prototype Enclosures},
	booktitle   =   {International Conference on Tangible, Embedded and Embodied Interactions},
	pages        =    {215--218},
	year           =    {2013},
}


%%%%%%%%%%%%%%%%%%%%%%%%%%%%%%%%%%
% Male and female connectors

@article{Duncan-2016-Hands-OnAssembly,
	author  =    {Noah Duncan and Lap-Fai Yu and Sai-Kit Yeung},
	title   =    {Interchangeable Components for Hands-On Assembly Based Modelling},
	journal =    TOGSIGA,
	volume  =    {35},
	number  =    {6},
	year    =    {2016},
	note    =    {Article No. 234},
}


@article {Chen-2013-MultiplanarModels,
	author = {Chen, Desai and Sitthi-amorn, Pitchaya and Lan, Justin T. and Matusik, Wojciech},
	title = {Computing and Fabricating Multiplanar Models},
	journal = CGF,
	volume = {32},
	number = {2},
	pages = {305--315},
	year = {2013},
}


@article{Luo-2012-Chopper,
	author = {Luo, Linjie and Baran, Ilya and Rusinkiewicz, Szymon and Matusik, Wojciech},
	title = {Chopper: Partitioning Models into {3D}-printable Parts},
	journal = {ACM Trans. Graph.},
	volume = {31},
	number = {6},
	year = {2012},
	pages = {129:1--129:9},
}


@article{Hao-2011-PartitionModels,
	author  =    {Jingbin Hao and Liang Fang and Robert E. Williams},
	title   =    {An Efficient Curvature-based Partitioning of Large-scale {STL} Models},
	journal =    {Rapid Prototyping Journal},
	volume  =    {17},
	number  =    {2},
	year    =    {2011},
	pages   =    {116--127},
}


%%%%%%%%%%%%%%%%%%%%%%%%%%%%%%%%%%
% Woodenworking joints

@article{Koo-2017-ZeroWaste,
	author  =    {Bongjin Koo and Jean Hergel and Sylvain Lefebvre and Niloy J. Mitra},
	title   =    {Towards Zero-Waste Furniture Design},
	journal =    TVCG,
	volume = {23},
	number  =    {12},
	pages = {2627--2640},
	year    =    {2017},
}

@article{Chen-2015-FreshPressModeler,
	author  =    {Lujie Chen and Lawrence Sass},
	title   =    {{Fresh Press Modeler}: A generative system for physically based low fidelity prototyping},
	journal =    {Computers \& Graphics},
	volume = {54},
	pages = {157--165},
	year    =    {2015},
}

@article{Cignoni-2014-MeshJoinery,
	author = {Cignoni, Paolo and Pietroni, Nico and Malomo, Luigi and Scopigno, Roberto},
	title = {Field-aligned Mesh Joinery},
	journal = TOG,
	volume = {33},
	number = {1},
	pages = {11:1--11:12},
	year = {2014},
}

@article {Schwartzburg-2013-PlanarPieces,
	author = {Schwartzburg, Yuliy and Pauly, Mark},
	title = {Fabrication-aware Design with Intersecting Planar Pieces},
	journal = CGF,
	volume = {32},
	number = {2},
	pages = {317--326},
	year = {2013},
}

@article {Hildebrand-2012-crdbrd,
	author = {Hildebrand, Kristian and Bickel, Bernd and Alexa, Marc},
	title = {crdbrd: Shape Fabrication by Sliding Planar Slices},
	journal = CGF,
	volume = {31},
	number = {2},
	pages = {583--592},
	year = {2012},
}

@article{McCrae-2011-Slices,	
	author = {McCrae, James and Singh, Karan and Mitra, Niloy J.},	
	title = {Slices: A Shape-proxy Based on Planar Sections},	
	journal = TOG,	
	volume = {30},	
	number = {6},
	year = {2011},
	pages = {168:1--168:12},
}


%%%%%%%%%%%%%%%%%%%%%%%%%%%%%%%%%%
% Wire

@article {Attene-2015-ShapesInABox,
	author = {Marco Attene},
	title = {Shapes In a Box: Disassembling {3D} Objects for Efficient Packing and Fabrication},
	journal = {Computer Graphics Forum},
	volume = {34},
	number = {8},
	pages = {64--76},
	year = {2015},
}

@article {Richter-2015-BeamMeshes,
	author = {Ronald Richter and Marc Alexa},
	title = {Beam meshes},
	journal = {Computers \& Graphics},
	volume = {53},
	pages = {28--36},
	year = {2015},
}





%%%%%%%%%%%%%%%%%%%%%%%%%%%%%%%%%%%%%%%%%%%%%%%%%%%%%%%%%%%%%%%%%%%%
% Self-support Assembly
%%%%%%%%%%%%%%%%%%%%%%%%%%%%%%%%%%%%%%%%%%%%%%%%%%%%%%%%%%%%%%%%%%%%

%%%%%%%%%%%%%%%%%%%%%%%%%%%%%
% Fabrication

@InProceedings{Rippmann-2016-ArmadilloVault,
	author  =    {Matthias Rippmann and Tom Van Mele and Mariana Popescu and Edyta Augustynowicz and Tom{\'a}s M{\'e}ndez Echenagucia and Cristi{\'a}n Calvo Barentin and Ursula Frick and Philippe Block},
	title   =    {The Armadillo Vault: Computational design and digital fabrication of a freeform stone shell},
	booktitle   =   {Advances in Architectural Geometry},
	year    =    {2016},
	pages   =    {344--363},
}

@InProceedings{Frick-2015-Self-SupportPuzzle,
	author  =    {Ursula Frick and Tom Van Mele and Philippe Block},
	title   =    {Decomposing Three-Dimensional Shapes into Self-supporting, Discrete-Element Assemblies},
	booktitle   =   {Modelling Behaviour},
	year    =    {2015},
	pages   =    {187--201},
}

@article{Deuss-2014-AssembleSelfSupport,
	author  =    {Mario Deuss and Daniele Panozzo and Emily Whiting and Yang Liu and Philippe Block and Olga Sorkine-Hornung and Mark Pauly},
	title   =    {Assembling Self-Supporting Structures},
	journal =    TOGSIGA,
	volume  =    {33},
	number  =    {6},
	year    =    {2014},
	note    =    {Article No. 214},
}

@article{Panozzo-2013-SelfSupportMasonry,
	author  =    {Daniele Panozzo and Philippe Block and Olga Sorkine-Hornung},
	title   =    {Designing Unreinforced Masonry Models},
	journal =    TOGSIG,
	volume  =    {32},
	number  =    {4},
	year    =    {2013},
	note    =    {Article No. 91},
}


%%%%%%%%%%%%%%%%%%%%%%%%%%%%%
% Self-Support Mesh

@article{Miki-2015-AiryStressFunctions,
	author  =    {Masaaki Miki and Takeo Igarashi and Philippe Block},
	title   =    {Parametric Self-supporting Surfaces via Direct Computation of Airy Stress Functions},
	journal =    {ACM Trans. Graph. (SIGGRAPH)},
	volume  =    {34},
	number  =    {4},
	year    =    {2015},
	note    =    {Article 89},
}

@article{Tang-2014-PolyhedralMesh,
	author  =    {Chengcheng Tang and Xiang Sun and Alexandra Gomes and Johannes Wallner and Helmut Pottmann},
	title   =    {Form-finding with polyhedral meshes made simple},
	journal =    {ACM Trans. Graph. (SIGGRAPH)},
	volume  =    {33},
	number  =    {4},
	year    =    {2014},
	note    =    {Article 70},
}

@article{Liu-2013-RegularTriangulation,
	author  =    {Yang Liu and Pan Hao and John Snyder and Wenping Wang and Baining Guo},
	title   =    {Computing Self-Supporting Surfaces by Regular Triangulation},
	journal =    {ACM Trans. Graph. (SIGGRAPH)},
	volume  =    {32},
	number  =    {4},
	year    =    {2013},
	note    =    {Article 92},
}

@article{deGoes-2013-Equilibrium,
	author  =    {Fernando de Goes and Pierre Alliez and Houman Owhadi and Mathieu Desbrun},
	title   =    {On the Equilibrium of Simplicial Masonry Structures},
	journal =    {ACM Trans. Graph. (SIGGRAPH)},
	volume  =    {32},
	number  =    {4},
	year    =    {2013},
	note    =    {Article 93},
}

@article{Vouga-2012-Self-SupportSurface,
	title   =    {Design of self-supporting surfaces},
	author  =    {E. Vouga and M. H{\"o}binger and J. Wallner and H. Pottmann},
	journal =    {ACM Trans. Graph. (SIGGRAPH)},
	volume  =    {31},
	number  =    {4},
	year    =    {2012},
	pages   =    {Article 87},
}


%%%%%%%%%%%%%%%%%%%%%%%%%%%%%
% Equilibrium

@article{Whiting-2009-ModelMasonry,
	author  =    {Emily Whiting and John Ochsendorf and Fr{\'e}do Durand},
	title   =    {Procedural Modeling of Structurally-Sound Masonry Buildings},
	journal =    {ACM Trans. Graph. (SIGGRAPH Asia)},
	volume  =    {28},
	number  =    {5},
	year    =    {2009},
	note    =    {Article 112},
}

@article{Whiting-2012-OptimizeMasonry,
	author  =    {Emily Whiting and Hijung Shin and Robert Wang and John Ochsendorf and Fr{\'e}do Durand},
	title   =    {Structural Optimization of 3D Masonry Buildings},
	journal =    {ACM Trans. Graph. (SIGGRAPH Asia)},
	volume  =    {31},
	number  =    {6},
	year    =    {2012},
	note    =    {Article 159},
}






%%%%%%%%%%%%%%%%%%%%%%%%%%%%%%%%%%%%%%%%%%%%%%%%%%%%%%%%%%%%%%%%%%%%
% Less Related
%%%%%%%%%%%%%%%%%%%%%%%%%%%%%%%%%%%%%%%%%%%%%%%%%%%%%%%%%%%%%%%%%%%%

@article{Schulz-2014-DesignByExample,
	author  =    {Adriana Schulz and Ariel Shamir and David I. W. Levin and Pitchaya Sitthi-amorn and Wojciech Matusik},
	title   =    {Design and Fabrication by Example},
	journal =    TOGSIG,
	volume  =    {33},
	number  =    {4},
	year    =    {2014},
	note    =    {Article No. 62},
}

@article{Koo-2014-WorksLike,
	author  =    {Bongjin Koo and Wilmot Li and JiaXian Yao and Maneesh Agrawala and Niloy J. Mitra},
	title   =    {Creating Works-Like Prototypes of Mechanical Objects},
	journal =    TOGSIGA,
	volume  =    {33},
	number  =    {6},
	year    =    {2014},
	note    =    {Article No. 217},
}

@article{Song-2013-RFMadeEasy,
	author  =    {Peng Song and Chi-Wing Fu and Prashant Goswami and Jianmin Zheng and Niloy J. Mitra and Daniel Cohen-Or},
	title   =    {Reciprocal Frame Structures Made Easy},
	journal =    {ACM Trans. Graph. (SIGGRAPH)},
	volume  =    {32},
	number  =    {4},
	year    =    {2013},
	note    =    {Article 94},
}



%%%%%%%%%%%%%%%%%%%%%%%%%%%%%%%%%%
% Joinery

@article{Yao-2017-DecorativeJoinery,
	author  =    {Jiaxian Yao and Danny M. Kaufman and Yotam Gingold and Maneesh Agrawala},
	title   =    {Interactive Design and Stability Analysis of Decorative Joinery for Furniture},
	journal =    TOG,
	volume  =    {36},
	number  =    {2},
	year    =    {2017},
	note    =    {Article No. 20},
}

@misc{2015-WoodJoints,
	author  =    {Craftsmansapce},
	title   =    {Woodworking Joints},
	note    =    {{\scriptsize \url{http://www.craftsmanspace.com/knowledge/woodworking-joints.html}}},
	year    =    {2015},
}



%%%%%%%%%%%%%%%%%%%%%%%%%%%%%%%%%%
% Mixed Fabrication

@InProceedings{Beyer-2015-Platener,
	author  =    {Dustin Beyer and Serafima Gurevich and Stefanie Mueller and Hsiang-Ting Chen and Patrick Baudisch},
	title   =    {Platener: Low-fidelity Fabrication of {3D} Objects by Substituting {3D} Print with Laser-cut Plates},
	booktitle   =   {CHI},
	year    =    {2015},
	pages   =    {1799--1806},
}

@inproceedings{Mueller-2014-faBrickation,
	author = {Mueller, Stefanie and Mohr, Tobias and Guenther, Kerstin and Frohnhofen, Johannes and Baudisch, Patrick},
	title = {{faBrickation}: Fast {3D} Printing of Functional Objects by Integrating Construction Kit Building Blocks},
	booktitle   =   {CHI},
	year = {2014},
	pages = {3827--3834},
}


@inproceedings{Gao-2015-RevoMaker,
	author = {Gao, Wei and Zhang, Yunbo and Nazzetta, Diogo C. and Ramani, Karthik and Cipra, Raymond J.},
	title = {{RevoMaker}: Enabling Multi-directional and Functionally-embedded {3D} Printing Using a Rotational Cuboidal Platform},
	booktitle   =   {UIST},
	series = {UIST},
	year = {2015},
	pages = {437--446},
}









